@article{voronoi2,
	year  = "AGRAWAL, Mudit y DOERMANN, David. Voronoi++: A Dynamic Page Segmentation approach based on Voronoi and Docstrum features. INTERNATIONAL CONFERENCE ON DOCUMENT ANALYSIS AND RECOGNITION. (10: 26-29, julio, 2009: Barcelona, Spain). Memorias, 2009. p. 1011-1015"
}
@article{docstrum93,
	year  = "O'GORMAN Lawrence. The Document Spectrum for Page Layout Analysis. \underline{En}: IEEE Transactions on Pattern Analysis And Machine Intelligence. Noviembre, 1993. vol. 15, no. 11, p. 1162-1173"
}
@article{ocropus1,
	year  = "BREUEL, Thomas. The OCRopus Open Source OCR System. DOCUMENT RECOGNITION AND RETRIVAL. (15: 29-31, febrero, 2008: San Jose, Estados Unidos). Memorias, 2008, p. 68-150",
}
@article{ocropus2,
	year  = "SHAFAITA Faisal; KEYSERSA, Daniel y BREUEL, Thomas. Efficient Implementation of Local Adaptative Thersholding Techniques Using Integral Images. DOCUMENT RECOGNITION AND RETRIVAL. (15: 29-31, febrero, 2008: San Jose, Estados Unidos). Memorias, 2008, p. 61-67"
}
@article{doc_analysis2,
	year  = "MAO Song; AZRIEL, Rosenfelda y KANUNGOB, Tapas. Document structure analysis algorithms: A literature survey. DOCUMENT RECOGNITION AND RETRIVAL. (10: enero, 2003: San Jose, Estados Unidos). Memorias, 2003, p. 197-207"
}
@article{benchmark1,
	year  = "SHAFAITA Faisal; KEYSERSA, Daniel y BREUEL, Thomas. Performance Evaluation and Benchmarking of Six-Page segmentation Algorithms. \underline{En}: IEEE Transactions on Pattern Analysis And Machine Intelligence. Junio, 2008. vol. 30, no. 6, p. 941-954"
}
@article{voronoi1,
	year  = "KISE, Koichi; SATO Akinori y MATSUMOTO, Keinosuke. Document Image Segmentation as Selection of Voronoi Edges. IEEE COMPUTER SOCIETY: CONFERENCE ON COMPUTER VISION AND PATTERN RECOGNITION (66: 17-19, junio, 1997: San Juan, Puerto Rico). Memorias, 1997, p. 32-39"
}
@article{RLSA1,
	year  = "WONG, Kwan; CASEY, Richard y WAHL, Friedrich. Document Analysis System. \underline{En}: IBM Journal of Research and Development. Noviembre, 1982. vol. 26, no. 6, p. 647-656"
}
@article{tesseract1,
	year  = "Ray Smith. An Overview of the Tesseract OCR Engine. IEEE COMPUTER SOCIETY: INTERNATIONAL CONFERENCE ON DOCUMENT ANALYSIS AND RECOGNITION (9: 23-26, septiembre, 2007: Curitiba, Paraná, Brazil). Memorias, 2007, p. 629-633"
}
@article{mob_smallpic,
	author  = "ZHOU, Steven; SYED, Gilani y WINKLER, Stefan. Open Source OCR Framework Using Mobile Devices. ",
    title   = "",
    year    = "2006",
    journal = "Interactive Multimedia Lab, Singapore"
}
@article{mob_withpc,
	author  = "Senda, Nishiyama, Asahi and Yamada",
    title   = "Camera-Typing Interface for Ubiquitous Information Services",
    year    = "2004",
    journal = "Proceedings of the Second IEEE Annual Conference on Pervasive Computing and Communications"
}
@article{doc_analysis3,
	author  = "Ray Smith",
    title   = "Progress in Camera-Based Document Image Analysis",
    year    = "2003",
    journal = "University of Maryland College Park (IEEE)"
}
@article{art_hu,
	author  = "Hu, M. -K",
    title   = "Visual pattern recognition by moment invariants",
    year    = "1962",
    journal = "IRE Transactions on Information Theory"
}
@book{im_analysis,
    author    = "Machael Seul, Lawrence O'Gorman, Michael J. Sammon",
    title     = "Practical Algorithms for Image Analysis",
    year      = "2000",
    publisher = "Cambiridge University Press"
}
@book{im_moments,
    author    = "Jan Flusser, Tomas Suk, Barbara Zitova",
    title     = "Moments and Moment Invariants in Pattern Recognition",
    year      = "2009",
    publisher = "WILEY"
}
@book{im_biology,
    author    = "Vasantha Kalyani David, Sundaramoorthy Rajasekaran",
    title     = "Pattern Recognition Using Neural and Functional Networks",
    year      = "2009",
    publisher = "SPRINGER"
}
@book{learn1,
    author    = "Ethem Alpaydin",
    title     = "Introduction to Machine Learning",
    year      = "2004",
    publisher = "MIT Press"
}
@book{ocrs1,
    author    = "Cheriet, Kharma, Liu and Suen",
    title     = "Character recognition systems: Guide for students and practitioners",
    year      = "2007",
    publisher = "Jhon Wiley \& Sons"
}
@article {iris04, 
	author = "John Alexis Guerra, Maria Fernanda Zuniga, Felipe Restrepo",
	title = "Proyecto Iris",
	journal = "Universidad Tecnologia de Pereira, Ingenieria de Sistemas y Computación",
	year = "2004"
}
@mastersthesis {th2,
	author = "Pablo Andrés Munoz",
	title = "Máquinas de aprendizaje para reconocimiento de caracteres manuscritos",
	school = "Universidad Tecnologia de Pereira, Maestría en Ingeniería eléctrica",
	year = "2005"
}
@article {th3, 
	author = "Jaime Varela Rincón, Johan Eric Loaiza Pulgarín",
	title = "Reconocimiento de palabras aisladas mediante redes neuronales sobre FPGA",
	journal = "Universidad Tecnologia de Pereira, Ingeniería Eléctrica",
	year = "2008"
}
@article {th4,
	author = "Joan Mauricio Valencia López, Mauricio Abril Cañas",
	title = "Registro de transeúntes en tiempo real utilizando un sistema de visión artificial sobre un ambiente controlado",
	journal = "Universidad Tecnologia de Pereira, Ingeniería Eléctrica",
	year = "2007"
}
@article {th5,
	author = "Lorena Alvarez Osorio",
	title = "Acondicionamiento de Señales Bioeléctricas",
	journal = "Universidad Tecnologia de Pereira, Ingeniería Eléctrica",
	year = "2007"
}
